@book{bathe2006finite,
  title={Finite element procedures},
  author={Bathe, Klaus-J{\"u}rgen},
  year={2006},
  publisher={Klaus-Jurgen Bathe}
}
@article{morris1991factorial,
  title={Factorial sampling plans for preliminary computational experiments},
  author={Morris, Max D},
  journal={Technometrics},
  volume={33},
  number={2},
  pages={161--174},
  year={1991},
  publisher={Taylor \& Francis Group}
}
@book{gdoutos2006fracture,
  title={Fracture mechanics: an introduction},
  author={Gdoutos, Emmanuel E},
  volume={123},
  year={2006},
  publisher={Springer Science \& Business Media}
}
@article{sobol1990sensitivity,
  title={On Sensitivity Estimation for Nonlinear Mathematical Models},
  author={Sobol', Il'ya Meerovich},
  journal={Matematicheskoe Modelirovanie},
  volume={2},
  number={1},
  pages={112--118},
  year={1990},
  publisher={Russian Academy of Sciences, Branch of Mathematical Sciences}
}
@article{christner1988nde,
  title={NDE detectability of fatigue-type cracks in high-strength alloys: NDI reliability assessments},
  author={Christner, Brent K and Long, Donald L and Rummel, Ward D},
  year={1988}
}
@article{carter2000automated,
  title={Automated 3-D crack growth simulation},
  author={Carter, BJ and Wawrzynek, PA and Ingraffea, AR},
  journal={International Journal for Numerical Methods in Engineering},
  volume={47},
  number={1-3},
  pages={229--253},
  year={2000},
  publisher={Wiley Online Library}
}
@article{raju1979stress,
  title={Stress-intensity factors for a wide range of semi-elliptical surface cracks in finite-thickness plates},
  author={Raju, IS and Newman Jr, JC},
  journal={Engineering Fracture Mechanics},
  volume={11},
  number={4},
  pages={817--829},
  year={1979},
  publisher={Elsevier}
}
@article{schmidt2009distilling,
  title={Distilling free-form natural laws from experimental data},
  author={Schmidt, Michael and Lipson, Hod},
  journal={Science},
  volume={324},
  number={5923},
  pages={81--85},
  year={2009},
  publisher={American Association for the Advancement of Science}
}
@article{warzynek2005m,
  title={The M-integral for computing stress intensity factors in generally anisotropic materials},
  author={Warzynek, PA and Carter, BJ and Banks-Sills, Leslie},
  year={2005}
}
@article{saltelli2010variance,
  title={Variance based sensitivity analysis of model output. Design and estimator for the total sensitivity index},
  author={Saltelli, Andrea and Annoni, Paola and Azzini, Ivano and Campolongo, Francesca and Ratto, Marco and Tarantola, Stefano},
  journal={Computer Physics Communications},
  volume={181},
  number={2},
  pages={259--270},
  year={2010},
  publisher={Elsevier}
}
@article{Herman2017, doi = {10.21105/joss.00097}, url = {https://doi.org/10.21105/joss.00097}, year = {2017}, month = {jan}, publisher = {The Open Journal}, volume = {2}, number = {9}, author = {Jon Herman and Will Usher}, title = {{SALib}: An open-source Python library for Sensitivity Analysis}, journal = {The Journal of Open Source Software} }
@article{bellera2007method,
  title={A method is presented to plan the required sample size when estimating regression-based reference limits},
  author={Bellera, Carine A and Hanley, James A},
  journal={Journal of Clinical Epidemiology},
  volume={60},
  number={6},
  pages={610--615},
  year={2007},
  publisher={Elsevier}
}
@book{abaqus,
title = "ABAQUS/Standard User's Manual, Version 6.9",
author = "Michael Smith",
year = "2009",
language = "English",
publisher = "Dassault Syst{\`e}mes Simulia Corp",
address = "United States",
}
@book{tada2000stress,
  title={The stress analysis of cracks handbook},
  author={Tada, Hiroshi and Paris, Paul Croce and Irwin, George Rankin and Tada, H},
  volume={130},
  year={2000},
  publisher={ASME press New York}
}
@book{banzhaf1998genetic,
  title={Genetic programming},
  author={Banzhaf, Wolfgang and Nordin, Peter and Keller, Robert E and Francone, Frank D},
  year={1998},
  publisher={Springer}
}
@article{osti_1433781,
title = {Sierra/Solid Mechanics 4.48 User's Guide},
author = {Merewether, Mark Thomas and Crane, Nathan K. and de Frias, Gabriel Jose and Le, San and Littlewood, David John and Mosby, Matthew David and Pierson, Kendall H. and Porter, Vicki L. and Shelton, Timothy and Thomas, Jesse David and Tupek, Michael R. and Veilleux, Michael and Gampert, Scott and Xavier, Patrick G. and Plews, Julia A.},
doi = {10.2172/1433781},
place = {United States},
year = {2018},
month = {3}
}
@incollection{otte2013safe,
  title={Safe and interpretable machine learning: A methodological review},
  author={Otte, Clemens},
  booktitle={Computational intelligence in intelligent data analysis},
  pages={111--122},
  year={2013},
  publisher={Springer}
}
@Inbook{McConaghy2011,
author="McConaghy, Trent",
editor="Riolo, Rick
and Vladislavleva, Ekaterina
and Moore, Jason H.",
title="FFX: Fast, Scalable, Deterministic Symbolic Regression Technology",
bookTitle="Genetic Programming Theory and Practice IX",
year="2011",
publisher="Springer New York",
address="New York, NY",
pages="235--260",
abstract="Symbolic regression is a common application for genetic programming (GP). This paper presents a new non-evolutionary technique for symbolic regression that, compared to competent GP approaches on real-world problems, is orders of magnitude faster (taking just seconds), returns simpler models, has comparable or better prediction on unseen data, and converges reliably and deterministically. I dub the approach FFX, for Fast Function Extraction. FFX uses a recentlydeveloped machine learning technique, pathwise regularized learning, to rapidly prune a huge set of candidate basis functions down to compact models. FFX is verified on a broad set of real-world problems having 13 to 1468 input variables, outperforming GP as well as several state-of-the-art regression techniques.",
isbn="978-1-4614-1770-5",
doi="10.1007/978-1-4614-1770-5_13",
url="https://doi.org/10.1007/978-1-4614-1770-5_13"
}
@article{vladislavleva2008order,
  title={Order of nonlinearity as a complexity measure for models generated by symbolic regression via pareto genetic programming},
  author={Vladislavleva, Ekaterina J and Smits, Guido F and Den Hertog, Dick},
  journal={IEEE Transactions on Evolutionary Computation},
  volume={13},
  number={2},
  pages={333--349},
  year={2008},
  publisher={IEEE}
}
@article{fujii1996bayesian,
  title={Bayesian neural network analysis of fatigue crack growth rate in nickel base superalloys},
  author={Fujii, Hidetoshi and DJC, Mackay and HKDH, Bhadeshia},
  journal={Isij International},
  volume={36},
  number={11},
  pages={1373--1382},
  year={1996},
  publisher={The Iron and Steel Institute of Japan}
}
@article{hombal2013surrogate,
  title={Surrogate modeling of 3D crack growth},
  author={Hombal, VK and Mahadevan, S},
  journal={International Journal of Fatigue},
  volume={47},
  pages={90--99},
  year={2013},
  publisher={Elsevier}
}
@article{maligno2010three,
  title={A three-dimensional (3D) numerical study of fatigue crack growth using remeshing techniques},
  author={Maligno, AR and Rajaratnam, S and Leen, SB and Williams, EJ},
  journal={Engineering Fracture Mechanics},
  volume={77},
  number={1},
  pages={94--111},
  year={2010},
  publisher={Elsevier}
}
@inproceedings{sankararaman2009uncertainty,
  title={Uncertainty quantification in fatigue damage prognosis},
  author={Sankararaman, Shankar and Ling, You and Shantz, Chris and Mahadevan, Sankaran},
  booktitle={Annual conference of the prognostics and health management society},
  pages={1--13},
  year={2009}
}
@article{leser2017probabilistic,
  title={Probabilistic fatigue damage prognosis using surrogate models trained via three-dimensional finite element analysis},
  author={Leser, Patrick E and Hochhalter, Jacob D and Warner, James E and Newman, John A and Leser, William P and Wawrzynek, Paul A and Yuan, Fuh-Gwo},
  journal={Structural Health Monitoring},
  volume={16},
  number={3},
  pages={291--308},
  year={2017},
  publisher={SAGE Publications Sage UK: London, England}
}
@article{leser2016probabilistic,
  title={Probabilistic prognosis of non-planar fatigue crack growth},
  author={Leser, Patrick E and Newman, John A and Warner, James E and Leser, William P and Hochhalter, Jacob D and Yuan, Fuh-Gwo},
  year={2016}
}
@misc{bingosymbolicregression,
  author = {Bomarito, Geoffrey},
  title = {Bingo},
  year = {2020},
  publisher = {GitHub},
  journal = {GitHub repository},
  howpublished = {\url{https://github.com/nasa/bingo}}
}
@article{lin1999finite,
  title={Finite element modelling of fatigue crack growth of surface cracked plates: Part I: The numerical technique},
  author={Lin, XB and Smith, RA},
  journal={Engineering Fracture Mechanics},
  volume={63},
  number={5},
  pages={503--522},
  year={1999},
  publisher={Elsevier}
}

@inproceedings{schmidt2007comparison,
  title={Comparison of tree and graph encodings as function of problem complexity},
  author={Schmidt, Michael and Lipson, Hod},
  booktitle={Proceedings of the 9th annual conference on Genetic and evolutionary computation},
  pages={1674--1679},
  year={2007}
}
@article{wilson1971numerical,
  title={Numerical method for determining stress intensity factors of an interior crack in a finite plate},
  author={Wilson, WK},
  year={1971}
}

@inproceedings{newman1983stress,
  title={Stress-intensity factor equations for cracks in three-dimensional finite bodies},
  author={Newman, JC and Raju, IS},
  booktitle={Fracture Mechanics: Fourteenth Symposiumâ€”Volume I: Theory and Analysis},
  year={1983},
  organization={ASTM International}
}

@article{wang2019symbolic,
  title={Symbolic regression in materials science},
  author={Wang, Yiqun and Wagner, Nicholas and Rondinelli, James M},
  journal={MRS Communications},
  volume={9},
  number={3},
  pages={793--805},
  year={2019},
  publisher={Cambridge University Press}
}
@article{friedman2002stochastic,
  title={Stochastic gradient boosting},
  author={Friedman, Jerome H},
  journal={Computational Statistics \& Data Analysis},
  volume={38},
  number={4},
  pages={367--378},
  year={2002},
  publisher={Elsevier}
}
@article{friedman2001greedy,
  title={Greedy function approximation: a gradient boosting machine},
  author={Friedman, Jerome H},
  journal={Annals of Statistics},
  pages={1189--1232},
  year={2001},
  publisher={JSTOR}
}